<?xml version="1.0" encoding="UTF-8"?><collection xmlns="http://www.loc.gov/MARC21/slim"><record><leader>00414nam--2200145-i-4500</leader><controlfield tag="001">000007951</controlfield><controlfield tag="002">20161230</controlfield><controlfield tag="005">20161230201027</controlfield><controlfield tag="008">060222s1000------------r-----000-0-eng-d</controlfield><datafield ind1=" " ind2=" " tag="080"><subfield code="a">51</subfield></datafield><datafield ind1=" " ind2=" " tag="100"><subfield code="a">Budach, Lothar</subfield></datafield><datafield ind1=" " ind2=" " tag="245"><subfield code="a">Quotientenfunktoren und erweiterungstheorie</subfield></datafield><datafield ind1=" " ind2=" " tag="260"><subfield code="a">Berlin, Veb Deutscher Verlag Der Wissenschafte N 1967. Viii + 202 P</subfield></datafield><datafield ind1=" " ind2=" " tag="490"><subfield code="a">Mathematische Forschungsberichte</subfield></datafield><datafield ind1=" " ind2=" " tag="852"><subfield code="a">25270</subfield></datafield></record></collection>